%%%%%%%%%%%%%%%%%%%%%%% Comments %%%%%%%%%%%%%%%%%%%%%%%%
%% BibTeX can accept names in "forename surname" or "surname, forename".
%% to tell BibTeX when a reference has more than one author by putting the keyword "and" in between every author.
%%%%%%%%%%%%%%%%%%%%%%% Bibliography %%%%%%%%%%%%%%%%%%%%%%%

@online{fwrite,
  author = {tutorialspoint.com},
  title = {C library function - fwrite()},
  year = 2019,
  url = {https://www.tutorialspoint.com/c_standard_library/c_function_fwrite.htm},
  urldate = {2019-05-02}
}

@misc{tinytetris,
  author = {taylorconor},
  title = {tinytetris},
  year = {2019},
  publisher = {GitHub},
  journal = {GitHub repository},
  url = {https://github.com/taylorconor/tinytetris},
  commit = {01c8b1d5331b4d54e1efaca32aa3e131d2b449d6}
}

@manual{simplegui,
  title        = {simpleGUI使用简介},
  author       = {刘新国教授},
  organization = {CAD\&CG国家重点实验室},
  address      = {浙江大学计算机科学与技术学院},
  month        = 2,
  year         = 2019,
}
